<record><leader>00000cas a22000007a 4500</leader><controlfield tag="001">12166508</controlfield><controlfield tag="008">850617d18771883inudn ne      0    0eng d</controlfield><datafield ind1=" " ind2=" " tag="010"><subfield code="a">sn 85047939 </subfield></datafield><datafield ind1=" " ind2=" " tag="040"><subfield code="a">NPI</subfield><subfield code="b">eng</subfield><subfield code="c">NPI</subfield><subfield code="d">OCLCQ</subfield></datafield><datafield ind1=" " ind2=" " tag="042"><subfield code="a">msc</subfield></datafield><datafield ind1="0" ind2=" " tag="130"><subfield code="a">Daily evening Republican (Columbus, Ind.)</subfield></datafield><datafield ind1="1" ind2="0" tag="245"><subfield code="a">Daily evening Republican.</subfield></datafield><datafield ind1=" " ind2=" " tag="260"><subfield code="a">Columbus, Ind. :</subfield><subfield code="b">Isaac T. Brown,</subfield><subfield code="c">1877-1883.</subfield></datafield><datafield ind1=" " ind2=" " tag="300"><subfield code="a">v. :</subfield><subfield code="b">ill. (chiefly advertisements) ;</subfield><subfield code="c">40-44 cm.</subfield></datafield><datafield ind1=" " ind2=" " tag="310"><subfield code="a">Daily (except Sun.)</subfield></datafield><datafield ind1="0" ind2=" " tag="362"><subfield code="a">Vol. 1, no. 1 (Nov. 12, 1877)-v. 6, no. 61 (Feb. 9, 1883).</subfield></datafield><datafield ind1=" " ind2=" " tag="580"><subfield code="a">Issued also in a weekly edition called: Columbus Republican (Columbus, Ind.).</subfield></datafield><datafield ind1=" " ind2=" " tag="752"><subfield code="a">United States</subfield><subfield code="b">Indiana</subfield><subfield code="c">Bartholomew</subfield><subfield code="d">Columbus.</subfield></datafield><datafield ind1="1" ind2=" " tag="775"><subfield code="t">Columbus Republican (Columbus, Ind. : 1872)</subfield><subfield code="w">(DLC)sn 84027298</subfield></datafield><datafield ind1="0" ind2="0" tag="785"><subfield code="t">Evening Republican (Columbus, Ind.)</subfield><subfield code="w">(DLC)sn 84045440</subfield></datafield></record>